@Misc{white,
howpublished = {\url{https://zhidao.baidu.com/question/1175211525071615659.html}},
title = {白色噪音对孩子有害吗},
author = {百度知道}
}
@book{error,
author = {费业泰},
title = {误差理论与数据处理},
publisher = {机械工业出版社}
}

@book{group,
author = {A.Zee},
title = {Group Theory in a Nutshell for physicists},
publisher = {Princeton University Press}
}

@Misc{electromagnetic,
howpublished = {\url{http://www.damtp.cam.ac.uk/user/tong/em.html}},
title = {Lectures on Electromagnetism},
author = {David Tong}
}
@Misc{lec,
howpublished = {\url{http://lovephysics.sysu.edu.cn/lib/exe/fetch.php?media=courses:modernphysicslabzhuhai:lecture-d1-2017.pdf}},
title = {锁相放大器与弱信号测量},
author = {lovephysics}
}
@book{special_func,
author = {王竹溪、郭敦仁},
title = {特殊函数概论},
publisher = {北京大学出版社}
}


@Misc{ma_func,
howpublished = {\url{https://en.wikipedia.org/wiki/Mathieu_function}},
title = {Mathieu Function},
author = {WikiPedia}
}
@Misc{ref4,
howpublished = {\url{http://lovephysics.sysu.edu.cn/lib/exe/fetch.php?media=courses:modernphysicslabzhuhai:ref4-e3-2016.pdf}},
title = {四极质谱实验方案},
author = {lovephysics}
}

@article{Information,
    author = {Carron, J. and Wolk, M. and Szapudi, I.},
    title = "{On the information content of the matter power spectrum}",
    journal = {Monthly Notices of the Royal Astronomical Society},
    volume = {453},
    number = {1},
    pages = {450-455},
    year = {2015},
    month = {08},
    abstract = "{We discuss an analytical approximation for the matter power spectrum covariance matrix and its inverse on translinear scales, k ∼ 0.1h − 0.8 h Mpc−1 at z = 0. We proceed to give an analytical expression for the Fisher information matrix of the non-linear density-field spectrum, and derive implications for its cosmological information content. We find that the spectrum information is characterized by a pair of upper bounds, ‘plateaux’, caused by the trispectrum, and a ‘knee’ in the presence of white noise. The effective number of Fourier modes, normally growing as a power law, is bounded from above by these plateaux, explaining naturally earlier findings from N-body simulations. These plateaux limit best possible measurements of the non-linear power at the per cent level in an h−3 Gpc3 volume; the extraction of model parameters from the spectrum is limited explicitly by their degeneracy to the non-linear amplitude. The value of the first, supersurvey (SS) plateau depends on the characteristic survey volume and the large-scale power; the second, intra-survey plateau is set by the small-scale power. While both have simple interpretations within the hierarchical Ansatz, the SS plateau can be predicted and generalized to still smaller scales within Takada and Hu's spectrum response formalism. Finally, the noise knee is naturally set by the density of tracers.}",
    issn = {0035-8711},
    doi = {10.1093/mnras/stv1595},
    url = {https://doi.org/10.1093/mnras/stv1595},
    eprint = {http://oup.prod.sis.lan/mnras/article-pdf/453/1/450/4918431/stv1595.pdf},
}
@article{Inflation_three,
  url = {https://arxiv.org/abs/astro-ph/0002188},
  title={Inflationary Models and Connections to Particle Physics},
  author={Alan ,H. ,Guth},
  journal={arXiv:astro-ph/0002188},
  archivePrefix = {arXiv},
  eprint = {astro-ph/0002188},
  year={2000}
}
@article{Inflation_two,
  url = {https://arxiv.org/abs/astro-ph/0404546},
  title={Inflation},
  author={Alan, H., Guth },
  journal={arXiv:astro-ph/0404546},
  archivePrefix = {arXiv},
  eprint = {astro-ph/00404546},
  year={2004}
}
@article{Inflation_one,
  url = {https://arxiv.org/abs/astro-ph/0306275},
  title={Inflation and Cosmological Perturbations},
  author={Alan , H., Guth},
  journal={arXiv:astro-ph/0306275},
  archivePrefix = {arXiv},
  eprint = {astro-ph/0306275},
  year={2003}
}

@article{Local_X,
  url = {https://arxiv.org/abs/1904.01753},
  title={Forecasting Cosmological Bias due to Local Gravitational Redshift},
  author={Haoting, Xu and Zhiqi, Huang and Na, Zhang and Yundong, Jiang},
  journal={arXiv:1904.01753},
  archivePrefix = {arXiv},
  eprint = {1904.01753},
  year={2019}
}
@article{WFIRST,
  url = {https://arxiv.org/abs/1503.03757},
  title={Wide-Field InfrarRed Survey Telescope-Astrophysics Focused Telescope Assets WFIRST-AFTA 2015 Report},
  author={D., Spergel and N., Gehrels and C., Baltay and D., Bennett and J., Breckinridge and et al. },
  journal={arXiv:1503.03757},
  archivePrefix = {arXiv},
  eprint = {1503.03757},
  year={2019}
}
@article{Lewis_2000,
	doi = {10.1086/309179},
	url = {https://doi.org/10.1086%2F309179},
	year = 2000,
	month = {aug},
	publisher = {{IOP} Publishing},
	volume = {538},
	number = {2},
	pages = {473--476},
	author = {Antony Lewis and Anthony Challinor and Anthony Lasenby},
	title = {Efficient Computation of Cosmic Microwave Background Anisotropies in Closed Friedmann-Robertson-Walker Models},
	journal = {The Astrophysical Journal},
	abstract = {We implement the efficient line-of-sight method to calculate the anisotropy and polarization of the cosmic microwave background for scalar and tensor modes in almost Friedmann-Robertson-Walker models with positive spatial curvature. We present new results for the polarization power spectra in such models.}
}
@article{PI0,
  title={A Zero-Parameter Extension of General Relativity with Varying Cosmological Constant},
  author={Stephon,Alexander and Marina,Cortês and Andrew, R., Liddle and João, Magueijo and Robert, Sims and Lee, Smolin},
  journal={arXiv:1905.10380},
  archivePrefix = {arXiv},
  eprint = {1905.10380},
  year={2019}
}
@article{PI,
  title={The cosmology of minimal varing Lambda theories},
  author={Stephon, Alexander and Marina, Cortês and Andrew ,R. ,Liddle and João ,Magueijo and Robert, Sims and Lee, Smolin},
  journal={arXiv:1905.10382},
  archivePrefix = {arXiv},
  eprint = {1905.10382},
  year={2019}
}
@article{PhysRevD.63.103510,
  title = {Essentials of k-essence},
  author = {Armendariz-Picon, C. and Mukhanov, V. and Steinhardt, Paul, J.},
  journal = {Phys. Rev. D},
  volume = {63},
  issue = {10},
  pages = {103510},
  numpages = {13},
  year = {2001},
  month = {Apr},
  publisher = {American Physical Society},
  doi = {10.1103/PhysRevD.63.103510},
  url = {https://link.aps.org/doi/10.1103/PhysRevD.63.103510}
}

@article{PhysRevLett.85.4438,
  title = {Dynamical Solution to the Problem of a Small Cosmological Constant and Late-Time Cosmic Acceleration},
  author = {Armendariz-Picon, C. and Mukhanov, V. and Steinhardt, Paul J.},
  journal = {Phys. Rev. Lett.},
  volume = {85},
  issue = {21},
  pages = {4438--4441},
  numpages = {0},
  year = {2000},
  month = {Nov},
  publisher = {American Physical Society},
  doi = {10.1103/PhysRevLett.85.4438},
  url = {https://link.aps.org/doi/10.1103/PhysRevLett.85.4438}
}

@Misc{cft,
howpublished = {\url{https://github.com/Probfia/Notes/blob/master/cft/cft.pdf}},
title = {Classical Field Theory},
author = {Probfia}
}

@article{repulsion,
  title={The emergence of cosmic repulsion},
  author={Ryskin, Gregory},
  journal={Astroparticle Physics},
  volume={62},
  pages={258--268},
  year={2015},
  publisher={Elsevier}
}
@article{Ryskin_H,
  title={Revisiting Ryskin's model of cosmic acceleration},
  author={Huang, Zhiqi and Gao, Han and Xu, Haoting},
  journal={arXiv:1905.02441},
  archivePrefix = {arXiv},
  eprint = {1905.02441},
  year={2019}
}
@article{string,
  title={Equipartition Dark Energy},
  author={Lin, Weipeng and Huang, Zhiqi and Hu,Yiming and Wang, Shuang and Yang Yi-Jung},
  journal={arXiv:1803.11558},
  archivePrefix = {arXiv},
  eprint = {1803.11558},
  year={2017}
}

@ARTICLE{Huang-1803-07320,
author = "{Haitao Miao, Zhiqi Huang}",
title = "{The H0 Tension in Non-flat QCDM Cosmology}",
journal = "{ApJ}",
year = {2018},
month = {Nov},
volume = {868},
pages = {20},
doi = {10.3847/1538-4357/aae523},
archivePrefix = {arXiv},
eprint = {1803.07320}
}

@article{quintessence,
  title={Cosomology and the fate of dilatation symmetry},
  author={C. Wetterich},
  journal={Nuclear Physics B},
  year={1988}
}
@article{PhysRevD.37.3406,
  title = {Cosmological consequences of a rolling homogeneous scalar field},
  author = {Ratra, Bharat and Peebles, P. J. E.},
  journal = {Phys. Rev. D},
  volume = {37},
  issue = {12},
  pages = {3406--3427},
  numpages = {0},
  year = {1988},
  month = {Jun},
  publisher = {American Physical Society},
  doi = {10.1103/PhysRevD.37.3406},
  url = {https://link.aps.org/doi/10.1103/PhysRevD.37.3406}
}

%-----f(R) gravity-----
@article{carroll2004sm,
  title={SM Carroll, V. Duvvuri, M. Trodden, and MS Turner, Phys. Rev. D 70, 043528 (2004).},
  author={Carroll, SM},
  journal={Phys. Rev. D},
  volume={70},
  pages={043528},
  year={2004}
}
@article{capozziello2003quintessence,
  title={Quintessence without scalar fields},
  author={Capozziello, Salvatore and Carloni, Sante and Troisi, Antonio},
  journal={arXiv preprint astro-ph/0303041},
  year={2003}
}
@article{nojiri2007introduction,
  title={Introduction to modified gravity and gravitational alternative for dark energy},
  author={Nojiri, Shin'Ichi and Odintsov, Sergei D},
  journal={International Journal of Geometric Methods in Modern Physics},
  volume={4},
  number={01},
  pages={115--145},
  year={2007},
  publisher={World Scientific}
}
@article{hu2007w,
  title={W. Hu and I. Sawicki, Phys. Rev. D 76, 064004 (2007).},
  author={Hu, Wayne},
  journal={Phys. Rev. D},
  volume={76},
  pages={064004},
  year={2007}
}
%----------------------
@article{linder2003exploring,
  title={Exploring the expansion history of the universe},
  author={Linder, Eric V},
  journal={Physical Review Letters},
  volume={90},
  number={9},
  pages={091301},
  year={2003},
  publisher={APS}
}

@article{chevallier2001accelerating,
  title={Accelerating universes with scaling dark matter},
  author={Chevallier, Michel and Polarski, David},
  journal={International Journal of Modern Physics D},
  volume={10},
  number={02},
  pages={213--223},
  year={2001},
  publisher={World Scientific}
}

@article{carron2015information,
  title={On the information content of the matter power spectrum},
  author={Carron, Julien and Wolk, Melody and Szapudi, Istv{\'a}n},
  journal={Monthly Notices of the Royal Astronomical Society},
  volume={453},
  number={1},
  pages={450--455},
  year={2015},
  publisher={Oxford University Press}
}
@article{kaiser1987n,
  title={N. Kaiser, Mon. Not. R. Astron. Soc. 227, 1 (1987).},
  author={Kaiser, N},
  journal={Mon. Not. R. Astron. Soc.},
  volume={227},
  pages={1},
  year={1987}
}

@article{riess1998observational,
  title={Observational evidence from supernovae for an accelerating universe and a cosmological constant},
  author={Riess, Adam G and Filippenko, Alexei V and Challis, Peter and Clocchiatti, Alejandro and Diercks, Alan and Garnavich, Peter M and Gilliland, Ron L and Hogan, Craig J and Jha, Saurabh and Kirshner, Robert P and others},
  journal={The Astronomical Journal},
  volume={116},
  number={3},
  pages={1009},
  year={1998},
  publisher={IOP Publishing},
  url={https://iopscience.iop.org/article/10.1086/300499/meta}
}

@article{perlmutter1999measurements,
  title={Measurements of $\Omega$ and $\Lambda$ from 42 high-redshift supernovae},
  author={Perlmutter, Saul and Aldering, G and Goldhaber, G and Knop, RA and Nugent, P and Castro, PG and Deustua, S and Fabbro, S and Goobar, A and Groom, DE and others},
  journal={The Astrophysical Journal},
  volume={517},
  number={2},
  pages={565},
  year={1999},
  publisher={IOP Publishing},
  url={https://iopscience.iop.org/article/10.1086/307221/meta}
}

@article{wang2007observational,
  title={Observational constraints on dark energy and cosmic curvature},
  author={Wang, Yun and Mukherjee, Pia},
  journal={Physical Review D},
  volume={76},
  number={10},
  pages={103533},
  year={2007},
  publisher={APS},
  url={https://journals.aps.org/prd/abstract/10.1103/PhysRevD.76.103533}
}

@article{wang2013distance,
  title={Distance priors from Planck and dark energy constraints from current data},
  author={Wang, Yun and Wang, Shuang},
  journal={Physical Review D},
  volume={88},
  number={4},
  pages={043522},
  year={2013},
  publisher={APS},
  url={https://journals.aps.org/prd/abstract/10.1103/PhysRevD.88.043522}
}

@article{zhai2018robust,
  title={Robust and model-independent cosmological constraints from distance measurements},
  author={Zhai, Zhongxu and Wang, Yun},
  journal={arXiv preprint arXiv:1811.07425},
  year={2018},
  url={https://arxiv.org/abs/1811.07425}
}

@article{aghanim2018planck,
  title={Planck 2018 results. VI. Cosmological parameters},
  author={Aghanim, N and Akrami, Y and Ashdown, M and Aumont, J and Baccigalupi, C and Ballardini, M and Banday, AJ and Barreiro, RB and Bartolo, N and Basak, S and others},
  journal={arXiv preprint arXiv:1807.06209},
  year={2018},
  url={https://arxiv.org/abs/1807.06209}
}

@ARTICLE{Local_H,
  title={Revisiting the cosmological bias due to local gravitational redshifts},
  author={Huang, Zhiqi},
  journal={Physical Review D},
  volume={91},
  number={12},
  pages={121301},
  year={2015},
  publisher={APS}
}

@ARTICLE{Local,
  title={Local gravitational redshifts can bias cosmological measurements},
  author={Wojtak, Rados{\l}aw and Davis, Tamara M and Wiis, Jophiel},
  journal={Journal of Cosmology and Astroparticle Physics},
  volume={2015},
  number={07},
  pages={025},
  year={2015},
  publisher={IOP Publishing}
}

@ARTICLE{OmkForecast,
  title={Flatness without CMB-the Entanglement of Spatial Curvature and Dark Energy Equation of State},
  author={Xu, Haoting and Huang, Zhiqi and Liu, Zhenjie and Miao, Haitao},
  journal={arXiv preprint arXiv:1812.09100},
  year={2018}
}

@article{wojtak2011gravitational,
  title={Gravitational redshift of galaxies in clusters as predicted by general relativity},
  author={Wojtak, Rados{\l}aw and Hansen, Steen H and Hjorth, Jens},
  journal={Nature},
  volume={477},
  number={7366},
  pages={567},
  year={2011},
  publisher={Nature Publishing Group}
}

@article{sadeh2015gravitational,
  title={Gravitational redshift of galaxies in clusters from the Sloan Digital Sky Survey and the Baryon Oscillation Spectroscopic Survey},
  author={Sadeh, Iftach and Feng, Low Lerh and Lahav, Ofer},
  journal={Physical review letters},
  volume={114},
  number={7},
  pages={071103},
  year={2015},
  publisher={APS}
}

@article{zhao2013testing,
  title={Testing gravity theories via transverse Doppler and gravitational redshifts in galaxy clusters},
  author={Zhao, HongSheng and Peacock, John A and Li, Baojiu},
  journal={Physical Review D},
  volume={88},
  number={4},
  pages={043013},
  year={2013},
  publisher={APS}
}

@article{kaiser2013measuring,
  title={Measuring gravitational redshifts in galaxy clusters},
  author={Kaiser, Nick},
  journal={Monthly Notices of the Royal Astronomical Society},
  volume={435},
  number={2},
  pages={1278--1286},
  year={2013},
  publisher={Oxford University Press}
}

@article{croft2013gravitational,
  title={Gravitational redshifts from large-scale structure},
  author={Croft, Rupert AC},
  journal={Monthly Notices of the Royal Astronomical Society},
  volume={434},
  number={4},
  pages={3008--3017},
  year={2013},
  publisher={The Royal Astronomical Society}
}

@article{nan2018gravitational,
  title={Gravitational redshift in void-galaxy cross-correlation function in redshift space},
  author={Nan, Yue and Yamamoto, Kazuhiro},
  journal={arXiv preprint arXiv:1805.05708},
  year={2018}
}

@article{fixsen1996cosmic,
  title={The cosmic microwave background spectrum from the full cobe* firas data set},
  author={Fixsen, DJ and Cheng, ES and Gales, JM and Mather, John C and Shafer, RA and Wright, EL},
  journal={The Astrophysical Journal},
  volume={473},
  number={2},
  pages={576},
  year={1996},
  publisher={IOP Publishing}
}

@article{hinshaw2013nine,
  title={Nine-year Wilkinson Microwave Anisotropy Probe (WMAP) observations: cosmological parameter results},
  author={Hinshaw, Gary and Larson, D and Komatsu, Eiichiro and Spergel, DN and Bennett, CLaa and Dunkley, J and Nolta, MR and Halpern, M and Hill, RS and Odegard, N and others},
  journal={The Astrophysical Journal Supplement Series},
  volume={208},
  number={2},
  pages={19},
  year={2013},
  publisher={IOP Publishing}
}

@article{ade2014planck,
  title={Planck 2013 results. XV. CMB power spectra and likelihood},
  author={Ade, Peter AR and Aghanim, N and Armitage-Caplan, C and Arnaud, M and Ashdown, M and Atrio-Barandela, F and Aumont, J and Baccigalupi, C and Banday, Anthony J and Barreiro, RB and others},
  journal={Astronomy \& Astrophysics},
  volume={571},
  pages={A15},
  year={2014},
  publisher={EDP Sciences}
}

@article{dominguez2012improved,
  title={An improved method for the identification of galaxy systems: measuring the gravitational redshift by dark matter haloes},
  author={Dom{\'\i}nguez Romero, Mariano Javier de Le{\'o}n and Garc{\'\i}a Lambas, Diego and Muriel, Hern{\'a}n},
  journal={Monthly Notices of the Royal Astronomical Society: Letters},
  volume={427},
  number={1},
  pages={L6--L10},
  year={2012},
  publisher={The Royal Astronomical Society},
  url={https://academic.oup.com/mnrasl/article-abstract/427/1/L6/1003171}
}


@article{calcino2017need,
  title={The need for accurate redshifts in supernova cosmology},
  author={Calcino, Josh and Davis, Tamara},
  journal={Journal of Cosmology and Astroparticle Physics},
  volume={2017},
  number={01},
  pages={038},
  year={2017},
  publisher={IOP Publishing},
  url={https://iopscience.iop.org/article/10.1088/1475-7516/2017/01/038/meta}
}

